<record><leader>00000cas a22000007a 4500</leader><controlfield tag="001">15741797</controlfield><controlfield tag="008">870528c18859999inuwr ne      0    0eng d</controlfield><controlfield tag="009">5452</controlfield><datafield ind1=" " ind2=" " tag="010"><subfield code="a">sn 87056232 </subfield></datafield><datafield ind1=" " ind2=" " tag="040"><subfield code="a">NPI</subfield><subfield code="b">eng</subfield><subfield code="c">NPI</subfield><subfield code="d">OCLCQ</subfield></datafield><datafield ind1=" " ind2=" " tag="042"><subfield code="a">msc</subfield></datafield><datafield ind1="0" ind2="4" tag="245"><subfield code="a">The Bremen enquirer.</subfield></datafield><datafield ind1=" " ind2=" " tag="260"><subfield code="a">Bremen, Marshall County, Ind. :</subfield><subfield code="b">Brook H. Bowman,</subfield><subfield code="c">1885-</subfield></datafield><datafield ind1=" " ind2=" " tag="310"><subfield code="a">Weekly</subfield></datafield><datafield ind1="0" ind2=" " tag="362"><subfield code="a">Vol. 1, no. 1 (Nov. 21, 1885)-</subfield></datafield><datafield ind1=" " ind2=" " tag="752"><subfield code="a">United States</subfield><subfield code="b">Indiana</subfield><subfield code="c">Marshall</subfield><subfield code="d">Bremen.</subfield></datafield></record>